%YAML 1.1
%TAG !u! tag:unity3d.com,2011:
--- !u!1 &5516216249203045099
GameObject:
  m_ObjectHideFlags: 0
  m_CorrespondingSourceObject: {fileID: 0}
  m_PrefabInstance: {fileID: 0}
  m_PrefabAsset: {fileID: 0}
  serializedVersion: 6
  m_Component:
  - component: {fileID: 5901018988234405664}
  - component: {fileID: 2192452106620904927}
  m_Layer: 0
  m_Name: Collider
  m_TagString: Untagged
  m_Icon: {fileID: 0}
  m_NavMeshLayer: 0
  m_StaticEditorFlags: 0
  m_IsActive: 0
--- !u!4 &5901018988234405664
Transform:
  m_ObjectHideFlags: 0
  m_CorrespondingSourceObject: {fileID: 0}
  m_PrefabInstance: {fileID: 0}
  m_PrefabAsset: {fileID: 0}
  m_GameObject: {fileID: 5516216249203045099}
  m_LocalRotation: {x: 0, y: 0, z: 0, w: 1}
  m_LocalPosition: {x: 0, y: 0, z: 0}
  m_LocalScale: {x: 1, y: 1, z: 1}
  m_Children: []
  m_Father: {fileID: 9200020247041630608}
  m_RootOrder: 4
  m_LocalEulerAnglesHint: {x: 0, y: 0, z: 0}
--- !u!61 &2192452106620904927
BoxCollider2D:
  m_ObjectHideFlags: 0
  m_CorrespondingSourceObject: {fileID: 0}
  m_PrefabInstance: {fileID: 0}
  m_PrefabAsset: {fileID: 0}
  m_GameObject: {fileID: 5516216249203045099}
  m_Enabled: 1
  m_Density: 1
  m_Material: {fileID: 0}
  m_IsTrigger: 0
  m_UsedByEffector: 0
  m_UsedByComposite: 0
  m_Offset: {x: 0, y: 0}
  m_SpriteTilingProperty:
    border: {x: 0, y: 0, z: 0, w: 0}
    pivot: {x: 0, y: 0}
    oldSize: {x: 0, y: 0}
    newSize: {x: 0, y: 0}
    adaptiveTilingThreshold: 0
    drawMode: 0
    adaptiveTiling: 0
  m_AutoTiling: 0
  serializedVersion: 2
  m_Size: {x: 3, y: 2}
  m_EdgeRadius: 0
--- !u!1 &9200020247041630610
GameObject:
  m_ObjectHideFlags: 0
  m_CorrespondingSourceObject: {fileID: 0}
  m_PrefabInstance: {fileID: 0}
  m_PrefabAsset: {fileID: 0}
  serializedVersion: 6
  m_Component:
  - component: {fileID: 9200020247041630608}
  - component: {fileID: 9200020247041630611}
  m_Layer: 0
  m_Name: Polyomino 4
  m_TagString: Untagged
  m_Icon: {fileID: 0}
  m_NavMeshLayer: 0
  m_StaticEditorFlags: 0
  m_IsActive: 1
--- !u!4 &9200020247041630608
Transform:
  m_ObjectHideFlags: 0
  m_CorrespondingSourceObject: {fileID: 0}
  m_PrefabInstance: {fileID: 0}
  m_PrefabAsset: {fileID: 0}
  m_GameObject: {fileID: 9200020247041630610}
  m_LocalRotation: {x: 0, y: 0, z: 0, w: 1}
  m_LocalPosition: {x: 0, y: 0, z: 0}
  m_LocalScale: {x: 1, y: 1, z: 1}
  m_Children:
  - {fileID: 9200020248066068813}
  - {fileID: 4030862963013129972}
  - {fileID: 947975006597810851}
  - {fileID: 529687247999832653}
  - {fileID: 5901018988234405664}
  m_Father: {fileID: 0}
  m_RootOrder: 0
  m_LocalEulerAnglesHint: {x: 0, y: 0, z: 0}
--- !u!114 &9200020247041630611
MonoBehaviour:
  m_ObjectHideFlags: 0
  m_CorrespondingSourceObject: {fileID: 0}
  m_PrefabInstance: {fileID: 0}
  m_PrefabAsset: {fileID: 0}
  m_GameObject: {fileID: 9200020247041630610}
  m_Enabled: 1
  m_EditorHideFlags: 0
  m_Script: {fileID: 11500000, guid: 5ec2c9c1af139d043967342ec647fc4e, type: 3}
  m_Name: 
  m_EditorClassIdentifier: 
  mainCollider: {fileID: 2192452106620904927}
  isOnDrag: 0
  isployominoPlaceable: 0
  colorType: 0
  polyominoBlocks:
  - {fileID: 4768318422206908217}
  - {fileID: 752648139291492480}
  - {fileID: 3505651823196183767}
  - {fileID: 4240317455616738361}
  dropCell: {fileID: 0}
  centerBlockTransform: {fileID: 9200020248066068813}
  rowWiseDistributeDatas:
  - polyominoBlocks:
    - {fileID: 4768318422206908217}
    - {fileID: 3505651823196183767}
    - {fileID: 4240317455616738361}
    index: 0
  - polyominoBlocks:
    - {fileID: 752648139291492480}
    index: -1
  colWiseDistributeDatas:
  - polyominoBlocks:
    - {fileID: 4768318422206908217}
    - {fileID: 752648139291492480}
    index: 0
  - polyominoBlocks:
    - {fileID: 3505651823196183767}
    index: -1
  - polyominoBlocks:
    - {fileID: 4240317455616738361}
    index: 1
--- !u!1001 &529687246588854538
PrefabInstance:
  m_ObjectHideFlags: 0
  serializedVersion: 2
  m_Modification:
    m_TransformParent: {fileID: 9200020247041630608}
    m_Modifications:
    - target: {fileID: 8309900624783996162, guid: 1620d978d8e00514eb187995f9f42f48,
        type: 3}
      propertyPath: m_Size.x
      value: 0.65
      objectReference: {fileID: 0}
    - target: {fileID: 8309900624783996162, guid: 1620d978d8e00514eb187995f9f42f48,
        type: 3}
      propertyPath: m_Size.y
      value: 0.65
      objectReference: {fileID: 0}
    - target: {fileID: 8309900624783996162, guid: 1620d978d8e00514eb187995f9f42f48,
        type: 3}
      propertyPath: m_Sprite
      value: 
      objectReference: {fileID: -5137602876616348568, guid: ec175fa146ff2ce48b1dbc40a0f206ca,
        type: 3}
    - target: {fileID: 8309900624783996162, guid: 1620d978d8e00514eb187995f9f42f48,
        type: 3}
      propertyPath: m_SortingOrder
      value: 5
      objectReference: {fileID: 0}
    - target: {fileID: 8309900624783996162, guid: 1620d978d8e00514eb187995f9f42f48,
        type: 3}
      propertyPath: m_WasSpriteAssigned
      value: 1
      objectReference: {fileID: 0}
    - target: {fileID: 8715830964520669253, guid: 1620d978d8e00514eb187995f9f42f48,
        type: 3}
      propertyPath: m_Name
      value: PolyominoBlock
      objectReference: {fileID: 0}
    - target: {fileID: 8715830964520669255, guid: 1620d978d8e00514eb187995f9f42f48,
        type: 3}
      propertyPath: m_RootOrder
      value: 0
      objectReference: {fileID: 0}
    - target: {fileID: 8715830964520669255, guid: 1620d978d8e00514eb187995f9f42f48,
        type: 3}
      propertyPath: m_LocalPosition.x
      value: 0
      objectReference: {fileID: 0}
    - target: {fileID: 8715830964520669255, guid: 1620d978d8e00514eb187995f9f42f48,
        type: 3}
      propertyPath: m_LocalPosition.y
      value: 0.5
      objectReference: {fileID: 0}
    - target: {fileID: 8715830964520669255, guid: 1620d978d8e00514eb187995f9f42f48,
        type: 3}
      propertyPath: m_LocalPosition.z
      value: 0
      objectReference: {fileID: 0}
    - target: {fileID: 8715830964520669255, guid: 1620d978d8e00514eb187995f9f42f48,
        type: 3}
      propertyPath: m_LocalRotation.w
      value: 1
      objectReference: {fileID: 0}
    - target: {fileID: 8715830964520669255, guid: 1620d978d8e00514eb187995f9f42f48,
        type: 3}
      propertyPath: m_LocalRotation.x
      value: -0
      objectReference: {fileID: 0}
    - target: {fileID: 8715830964520669255, guid: 1620d978d8e00514eb187995f9f42f48,
        type: 3}
      propertyPath: m_LocalRotation.y
      value: -0
      objectReference: {fileID: 0}
    - target: {fileID: 8715830964520669255, guid: 1620d978d8e00514eb187995f9f42f48,
        type: 3}
      propertyPath: m_LocalRotation.z
      value: -0
      objectReference: {fileID: 0}
    - target: {fileID: 8715830964520669255, guid: 1620d978d8e00514eb187995f9f42f48,
        type: 3}
      propertyPath: m_LocalEulerAnglesHint.x
      value: 0
      objectReference: {fileID: 0}
    - target: {fileID: 8715830964520669255, guid: 1620d978d8e00514eb187995f9f42f48,
        type: 3}
      propertyPath: m_LocalEulerAnglesHint.y
      value: 0
      objectReference: {fileID: 0}
    - target: {fileID: 8715830964520669255, guid: 1620d978d8e00514eb187995f9f42f48,
        type: 3}
      propertyPath: m_LocalEulerAnglesHint.z
      value: 0
      objectReference: {fileID: 0}
    m_RemovedComponents: []
  m_SourcePrefab: {fileID: 100100000, guid: 1620d978d8e00514eb187995f9f42f48, type: 3}
--- !u!4 &9200020248066068813 stripped
Transform:
  m_CorrespondingSourceObject: {fileID: 8715830964520669255, guid: 1620d978d8e00514eb187995f9f42f48,
    type: 3}
  m_PrefabInstance: {fileID: 529687246588854538}
  m_PrefabAsset: {fileID: 0}
--- !u!114 &4768318422206908217 stripped
MonoBehaviour:
  m_CorrespondingSourceObject: {fileID: 5005095582090642995, guid: 1620d978d8e00514eb187995f9f42f48,
    type: 3}
  m_PrefabInstance: {fileID: 529687246588854538}
  m_PrefabAsset: {fileID: 0}
  m_GameObject: {fileID: 0}
  m_Enabled: 1
  m_EditorHideFlags: 0
  m_Script: {fileID: 11500000, guid: 8cd5fe39dc371dd43bed04cc54b5e571, type: 3}
  m_Name: 
  m_EditorClassIdentifier: 
--- !u!1001 &5693775435003315891
PrefabInstance:
  m_ObjectHideFlags: 0
  serializedVersion: 2
  m_Modification:
    m_TransformParent: {fileID: 9200020247041630608}
    m_Modifications:
    - target: {fileID: 5005095582090642995, guid: 1620d978d8e00514eb187995f9f42f48,
        type: 3}
      propertyPath: rowIndex
      value: -1
      objectReference: {fileID: 0}
    - target: {fileID: 8309900624783996162, guid: 1620d978d8e00514eb187995f9f42f48,
        type: 3}
      propertyPath: m_Size.x
      value: 0.65
      objectReference: {fileID: 0}
    - target: {fileID: 8309900624783996162, guid: 1620d978d8e00514eb187995f9f42f48,
        type: 3}
      propertyPath: m_Size.y
      value: 0.65
      objectReference: {fileID: 0}
    - target: {fileID: 8309900624783996162, guid: 1620d978d8e00514eb187995f9f42f48,
        type: 3}
      propertyPath: m_Sprite
      value: 
      objectReference: {fileID: -5137602876616348568, guid: ec175fa146ff2ce48b1dbc40a0f206ca,
        type: 3}
    - target: {fileID: 8309900624783996162, guid: 1620d978d8e00514eb187995f9f42f48,
        type: 3}
      propertyPath: m_SortingOrder
      value: 5
      objectReference: {fileID: 0}
    - target: {fileID: 8309900624783996162, guid: 1620d978d8e00514eb187995f9f42f48,
        type: 3}
      propertyPath: m_WasSpriteAssigned
      value: 1
      objectReference: {fileID: 0}
    - target: {fileID: 8715830964520669253, guid: 1620d978d8e00514eb187995f9f42f48,
        type: 3}
      propertyPath: m_Name
      value: PolyominoBlock (1)
      objectReference: {fileID: 0}
    - target: {fileID: 8715830964520669254, guid: 1620d978d8e00514eb187995f9f42f48,
        type: 3}
      propertyPath: rowIndex
      value: -1
      objectReference: {fileID: 0}
    - target: {fileID: 8715830964520669255, guid: 1620d978d8e00514eb187995f9f42f48,
        type: 3}
      propertyPath: m_RootOrder
      value: 1
      objectReference: {fileID: 0}
    - target: {fileID: 8715830964520669255, guid: 1620d978d8e00514eb187995f9f42f48,
        type: 3}
      propertyPath: m_LocalPosition.x
      value: 0
      objectReference: {fileID: 0}
    - target: {fileID: 8715830964520669255, guid: 1620d978d8e00514eb187995f9f42f48,
        type: 3}
      propertyPath: m_LocalPosition.y
      value: -0.5
      objectReference: {fileID: 0}
    - target: {fileID: 8715830964520669255, guid: 1620d978d8e00514eb187995f9f42f48,
        type: 3}
      propertyPath: m_LocalPosition.z
      value: 0
      objectReference: {fileID: 0}
    - target: {fileID: 8715830964520669255, guid: 1620d978d8e00514eb187995f9f42f48,
        type: 3}
      propertyPath: m_LocalRotation.w
      value: 1
      objectReference: {fileID: 0}
    - target: {fileID: 8715830964520669255, guid: 1620d978d8e00514eb187995f9f42f48,
        type: 3}
      propertyPath: m_LocalRotation.x
      value: -0
      objectReference: {fileID: 0}
    - target: {fileID: 8715830964520669255, guid: 1620d978d8e00514eb187995f9f42f48,
        type: 3}
      propertyPath: m_LocalRotation.y
      value: -0
      objectReference: {fileID: 0}
    - target: {fileID: 8715830964520669255, guid: 1620d978d8e00514eb187995f9f42f48,
        type: 3}
      propertyPath: m_LocalRotation.z
      value: -0
      objectReference: {fileID: 0}
    - target: {fileID: 8715830964520669255, guid: 1620d978d8e00514eb187995f9f42f48,
        type: 3}
      propertyPath: m_LocalEulerAnglesHint.x
      value: 0
      objectReference: {fileID: 0}
    - target: {fileID: 8715830964520669255, guid: 1620d978d8e00514eb187995f9f42f48,
        type: 3}
      propertyPath: m_LocalEulerAnglesHint.y
      value: 0
      objectReference: {fileID: 0}
    - target: {fileID: 8715830964520669255, guid: 1620d978d8e00514eb187995f9f42f48,
        type: 3}
      propertyPath: m_LocalEulerAnglesHint.z
      value: 0
      objectReference: {fileID: 0}
    m_RemovedComponents: []
  m_SourcePrefab: {fileID: 100100000, guid: 1620d978d8e00514eb187995f9f42f48, type: 3}
--- !u!4 &4030862963013129972 stripped
Transform:
  m_CorrespondingSourceObject: {fileID: 8715830964520669255, guid: 1620d978d8e00514eb187995f9f42f48,
    type: 3}
  m_PrefabInstance: {fileID: 5693775435003315891}
  m_PrefabAsset: {fileID: 0}
--- !u!114 &752648139291492480 stripped
MonoBehaviour:
  m_CorrespondingSourceObject: {fileID: 5005095582090642995, guid: 1620d978d8e00514eb187995f9f42f48,
    type: 3}
  m_PrefabInstance: {fileID: 5693775435003315891}
  m_PrefabAsset: {fileID: 0}
  m_GameObject: {fileID: 0}
  m_Enabled: 1
  m_EditorHideFlags: 0
  m_Script: {fileID: 11500000, guid: 8cd5fe39dc371dd43bed04cc54b5e571, type: 3}
  m_Name: 
  m_EditorClassIdentifier: 
--- !u!1001 &8490191482117741284
PrefabInstance:
  m_ObjectHideFlags: 0
  serializedVersion: 2
  m_Modification:
    m_TransformParent: {fileID: 9200020247041630608}
    m_Modifications:
    - target: {fileID: 5005095582090642995, guid: 1620d978d8e00514eb187995f9f42f48,
        type: 3}
      propertyPath: colIndex
      value: -1
      objectReference: {fileID: 0}
    - target: {fileID: 8309900624783996162, guid: 1620d978d8e00514eb187995f9f42f48,
        type: 3}
      propertyPath: m_Size.x
      value: 0.65
      objectReference: {fileID: 0}
    - target: {fileID: 8309900624783996162, guid: 1620d978d8e00514eb187995f9f42f48,
        type: 3}
      propertyPath: m_Size.y
      value: 0.65
      objectReference: {fileID: 0}
    - target: {fileID: 8309900624783996162, guid: 1620d978d8e00514eb187995f9f42f48,
        type: 3}
      propertyPath: m_Sprite
      value: 
      objectReference: {fileID: -5137602876616348568, guid: ec175fa146ff2ce48b1dbc40a0f206ca,
        type: 3}
    - target: {fileID: 8309900624783996162, guid: 1620d978d8e00514eb187995f9f42f48,
        type: 3}
      propertyPath: m_SortingOrder
      value: 5
      objectReference: {fileID: 0}
    - target: {fileID: 8309900624783996162, guid: 1620d978d8e00514eb187995f9f42f48,
        type: 3}
      propertyPath: m_WasSpriteAssigned
      value: 1
      objectReference: {fileID: 0}
    - target: {fileID: 8715830964520669253, guid: 1620d978d8e00514eb187995f9f42f48,
        type: 3}
      propertyPath: m_Name
      value: PolyominoBlock (2)
      objectReference: {fileID: 0}
    - target: {fileID: 8715830964520669254, guid: 1620d978d8e00514eb187995f9f42f48,
        type: 3}
      propertyPath: colIndex
      value: -1
      objectReference: {fileID: 0}
    - target: {fileID: 8715830964520669255, guid: 1620d978d8e00514eb187995f9f42f48,
        type: 3}
      propertyPath: m_RootOrder
      value: 2
      objectReference: {fileID: 0}
    - target: {fileID: 8715830964520669255, guid: 1620d978d8e00514eb187995f9f42f48,
        type: 3}
      propertyPath: m_LocalPosition.x
      value: -1
      objectReference: {fileID: 0}
    - target: {fileID: 8715830964520669255, guid: 1620d978d8e00514eb187995f9f42f48,
        type: 3}
      propertyPath: m_LocalPosition.y
      value: 0.5
      objectReference: {fileID: 0}
    - target: {fileID: 8715830964520669255, guid: 1620d978d8e00514eb187995f9f42f48,
        type: 3}
      propertyPath: m_LocalPosition.z
      value: 0
      objectReference: {fileID: 0}
    - target: {fileID: 8715830964520669255, guid: 1620d978d8e00514eb187995f9f42f48,
        type: 3}
      propertyPath: m_LocalRotation.w
      value: 1
      objectReference: {fileID: 0}
    - target: {fileID: 8715830964520669255, guid: 1620d978d8e00514eb187995f9f42f48,
        type: 3}
      propertyPath: m_LocalRotation.x
      value: -0
      objectReference: {fileID: 0}
    - target: {fileID: 8715830964520669255, guid: 1620d978d8e00514eb187995f9f42f48,
        type: 3}
      propertyPath: m_LocalRotation.y
      value: -0
      objectReference: {fileID: 0}
    - target: {fileID: 8715830964520669255, guid: 1620d978d8e00514eb187995f9f42f48,
        type: 3}
      propertyPath: m_LocalRotation.z
      value: -0
      objectReference: {fileID: 0}
    - target: {fileID: 8715830964520669255, guid: 1620d978d8e00514eb187995f9f42f48,
        type: 3}
      propertyPath: m_LocalEulerAnglesHint.x
      value: 0
      objectReference: {fileID: 0}
    - target: {fileID: 8715830964520669255, guid: 1620d978d8e00514eb187995f9f42f48,
        type: 3}
      propertyPath: m_LocalEulerAnglesHint.y
      value: 0
      objectReference: {fileID: 0}
    - target: {fileID: 8715830964520669255, guid: 1620d978d8e00514eb187995f9f42f48,
        type: 3}
      propertyPath: m_LocalEulerAnglesHint.z
      value: 0
      objectReference: {fileID: 0}
    m_RemovedComponents: []
  m_SourcePrefab: {fileID: 100100000, guid: 1620d978d8e00514eb187995f9f42f48, type: 3}
--- !u!4 &947975006597810851 stripped
Transform:
  m_CorrespondingSourceObject: {fileID: 8715830964520669255, guid: 1620d978d8e00514eb187995f9f42f48,
    type: 3}
  m_PrefabInstance: {fileID: 8490191482117741284}
  m_PrefabAsset: {fileID: 0}
--- !u!114 &3505651823196183767 stripped
MonoBehaviour:
  m_CorrespondingSourceObject: {fileID: 5005095582090642995, guid: 1620d978d8e00514eb187995f9f42f48,
    type: 3}
  m_PrefabInstance: {fileID: 8490191482117741284}
  m_PrefabAsset: {fileID: 0}
  m_GameObject: {fileID: 0}
  m_Enabled: 1
  m_EditorHideFlags: 0
  m_Script: {fileID: 11500000, guid: 8cd5fe39dc371dd43bed04cc54b5e571, type: 3}
  m_Name: 
  m_EditorClassIdentifier: 
--- !u!1001 &9200020246273933834
PrefabInstance:
  m_ObjectHideFlags: 0
  serializedVersion: 2
  m_Modification:
    m_TransformParent: {fileID: 9200020247041630608}
    m_Modifications:
    - target: {fileID: 5005095582090642995, guid: 1620d978d8e00514eb187995f9f42f48,
        type: 3}
      propertyPath: colIndex
      value: 1
      objectReference: {fileID: 0}
    - target: {fileID: 8309900624783996162, guid: 1620d978d8e00514eb187995f9f42f48,
        type: 3}
      propertyPath: m_Size.x
      value: 0.65
      objectReference: {fileID: 0}
    - target: {fileID: 8309900624783996162, guid: 1620d978d8e00514eb187995f9f42f48,
        type: 3}
      propertyPath: m_Size.y
      value: 0.65
      objectReference: {fileID: 0}
    - target: {fileID: 8309900624783996162, guid: 1620d978d8e00514eb187995f9f42f48,
        type: 3}
      propertyPath: m_Sprite
      value: 
      objectReference: {fileID: -5137602876616348568, guid: ec175fa146ff2ce48b1dbc40a0f206ca,
        type: 3}
    - target: {fileID: 8309900624783996162, guid: 1620d978d8e00514eb187995f9f42f48,
        type: 3}
      propertyPath: m_SortingOrder
      value: 5
      objectReference: {fileID: 0}
    - target: {fileID: 8309900624783996162, guid: 1620d978d8e00514eb187995f9f42f48,
        type: 3}
      propertyPath: m_WasSpriteAssigned
      value: 1
      objectReference: {fileID: 0}
    - target: {fileID: 8715830964520669253, guid: 1620d978d8e00514eb187995f9f42f48,
        type: 3}
      propertyPath: m_Name
      value: PolyominoBlock (3)
      objectReference: {fileID: 0}
    - target: {fileID: 8715830964520669254, guid: 1620d978d8e00514eb187995f9f42f48,
        type: 3}
      propertyPath: colIndex
      value: 1
      objectReference: {fileID: 0}
    - target: {fileID: 8715830964520669255, guid: 1620d978d8e00514eb187995f9f42f48,
        type: 3}
      propertyPath: m_RootOrder
      value: 3
      objectReference: {fileID: 0}
    - target: {fileID: 8715830964520669255, guid: 1620d978d8e00514eb187995f9f42f48,
        type: 3}
      propertyPath: m_LocalPosition.x
      value: 1
      objectReference: {fileID: 0}
    - target: {fileID: 8715830964520669255, guid: 1620d978d8e00514eb187995f9f42f48,
        type: 3}
      propertyPath: m_LocalPosition.y
      value: 0.5
      objectReference: {fileID: 0}
    - target: {fileID: 8715830964520669255, guid: 1620d978d8e00514eb187995f9f42f48,
        type: 3}
      propertyPath: m_LocalPosition.z
      value: 0
      objectReference: {fileID: 0}
    - target: {fileID: 8715830964520669255, guid: 1620d978d8e00514eb187995f9f42f48,
        type: 3}
      propertyPath: m_LocalRotation.w
      value: 1
      objectReference: {fileID: 0}
    - target: {fileID: 8715830964520669255, guid: 1620d978d8e00514eb187995f9f42f48,
        type: 3}
      propertyPath: m_LocalRotation.x
      value: -0
      objectReference: {fileID: 0}
    - target: {fileID: 8715830964520669255, guid: 1620d978d8e00514eb187995f9f42f48,
        type: 3}
      propertyPath: m_LocalRotation.y
      value: -0
      objectReference: {fileID: 0}
    - target: {fileID: 8715830964520669255, guid: 1620d978d8e00514eb187995f9f42f48,
        type: 3}
      propertyPath: m_LocalRotation.z
      value: -0
      objectReference: {fileID: 0}
    - target: {fileID: 8715830964520669255, guid: 1620d978d8e00514eb187995f9f42f48,
        type: 3}
      propertyPath: m_LocalEulerAnglesHint.x
      value: 0
      objectReference: {fileID: 0}
    - target: {fileID: 8715830964520669255, guid: 1620d978d8e00514eb187995f9f42f48,
        type: 3}
      propertyPath: m_LocalEulerAnglesHint.y
      value: 0
      objectReference: {fileID: 0}
    - target: {fileID: 8715830964520669255, guid: 1620d978d8e00514eb187995f9f42f48,
        type: 3}
      propertyPath: m_LocalEulerAnglesHint.z
      value: 0
      objectReference: {fileID: 0}
    m_RemovedComponents: []
  m_SourcePrefab: {fileID: 100100000, guid: 1620d978d8e00514eb187995f9f42f48, type: 3}
--- !u!4 &529687247999832653 stripped
Transform:
  m_CorrespondingSourceObject: {fileID: 8715830964520669255, guid: 1620d978d8e00514eb187995f9f42f48,
    type: 3}
  m_PrefabInstance: {fileID: 9200020246273933834}
  m_PrefabAsset: {fileID: 0}
--- !u!114 &4240317455616738361 stripped
MonoBehaviour:
  m_CorrespondingSourceObject: {fileID: 5005095582090642995, guid: 1620d978d8e00514eb187995f9f42f48,
    type: 3}
  m_PrefabInstance: {fileID: 9200020246273933834}
  m_PrefabAsset: {fileID: 0}
  m_GameObject: {fileID: 0}
  m_Enabled: 1
  m_EditorHideFlags: 0
  m_Script: {fileID: 11500000, guid: 8cd5fe39dc371dd43bed04cc54b5e571, type: 3}
  m_Name: 
  m_EditorClassIdentifier: 
