%YAML 1.1
%TAG !u! tag:unity3d.com,2011:
--- !u!1 &5964188840645053271
GameObject:
  m_ObjectHideFlags: 0
  m_CorrespondingSourceObject: {fileID: 0}
  m_PrefabInstance: {fileID: 0}
  m_PrefabAsset: {fileID: 0}
  serializedVersion: 6
  m_Component:
  - component: {fileID: 5964188840645053269}
  - component: {fileID: 5964188840645053270}
  m_Layer: 0
  m_Name: Polyomino 1
  m_TagString: Untagged
  m_Icon: {fileID: 0}
  m_NavMeshLayer: 0
  m_StaticEditorFlags: 0
  m_IsActive: 1
--- !u!4 &5964188840645053269
Transform:
  m_ObjectHideFlags: 0
  m_CorrespondingSourceObject: {fileID: 0}
  m_PrefabInstance: {fileID: 0}
  m_PrefabAsset: {fileID: 0}
  m_GameObject: {fileID: 5964188840645053271}
  m_LocalRotation: {x: 0, y: 0, z: 0, w: 1}
  m_LocalPosition: {x: 0, y: 0, z: 0}
  m_LocalScale: {x: 1, y: 1, z: 1}
  m_Children:
  - {fileID: 5964188841665313672}
  - {fileID: 1916430140813032497}
  - {fileID: 3782119314986704722}
  - {fileID: 5746186123843306333}
  - {fileID: 3269800405663173460}
  - {fileID: 6724355091111858177}
  m_Father: {fileID: 0}
  m_RootOrder: 0
  m_LocalEulerAnglesHint: {x: 0, y: 0, z: 0}
--- !u!114 &5964188840645053270
MonoBehaviour:
  m_ObjectHideFlags: 0
  m_CorrespondingSourceObject: {fileID: 0}
  m_PrefabInstance: {fileID: 0}
  m_PrefabAsset: {fileID: 0}
  m_GameObject: {fileID: 5964188840645053271}
  m_Enabled: 1
  m_EditorHideFlags: 0
  m_Script: {fileID: 11500000, guid: 5ec2c9c1af139d043967342ec647fc4e, type: 3}
  m_Name: 
  m_EditorClassIdentifier: 
  mainCollider: {fileID: 2236234880273057274}
  isOnDrag: 0
  isployominoPlaceable: 0
  colorType: 0
  polyominoBlocks:
  - {fileID: 8017673813040180732}
  - {fileID: 2817554568319740485}
  - {fileID: 719934404940794150}
  - {fileID: 8232575898407965993}
  - {fileID: 1216495101803650336}
  dropCell: {fileID: 0}
  centerBlockTransform: {fileID: 5964188841665313672}
  placeableDropCell: {fileID: 0}
  rowWiseDistributeDatas:
  - polyominoBlocks:
    - {fileID: 8017673813040180732}
    - {fileID: 2817554568319740485}
    - {fileID: 719934404940794150}
    - {fileID: 8232575898407965993}
    - {fileID: 1216495101803650336}
    index: 0
  colWiseDistributeDatas:
  - polyominoBlocks:
    - {fileID: 8017673813040180732}
    index: 0
  - polyominoBlocks:
    - {fileID: 2817554568319740485}
    index: 1
  - polyominoBlocks:
    - {fileID: 719934404940794150}
    index: -1
  - polyominoBlocks:
    - {fileID: 8232575898407965993}
    index: -2
  - polyominoBlocks:
    - {fileID: 1216495101803650336}
    index: 2
--- !u!1 &6262239037397686685
GameObject:
  m_ObjectHideFlags: 0
  m_CorrespondingSourceObject: {fileID: 0}
  m_PrefabInstance: {fileID: 0}
  m_PrefabAsset: {fileID: 0}
  serializedVersion: 6
  m_Component:
  - component: {fileID: 6724355091111858177}
  - component: {fileID: 2236234880273057274}
  m_Layer: 0
  m_Name: Collider
  m_TagString: Untagged
  m_Icon: {fileID: 0}
  m_NavMeshLayer: 0
  m_StaticEditorFlags: 0
  m_IsActive: 0
--- !u!4 &6724355091111858177
Transform:
  m_ObjectHideFlags: 0
  m_CorrespondingSourceObject: {fileID: 0}
  m_PrefabInstance: {fileID: 0}
  m_PrefabAsset: {fileID: 0}
  m_GameObject: {fileID: 6262239037397686685}
  m_LocalRotation: {x: -0, y: -0, z: -0, w: 1}
  m_LocalPosition: {x: 0, y: 0, z: 0}
  m_LocalScale: {x: 1, y: 1, z: 1}
  m_Children: []
  m_Father: {fileID: 5964188840645053269}
  m_RootOrder: 5
  m_LocalEulerAnglesHint: {x: 0, y: 0, z: 0}
--- !u!61 &2236234880273057274
BoxCollider2D:
  m_ObjectHideFlags: 0
  m_CorrespondingSourceObject: {fileID: 0}
  m_PrefabInstance: {fileID: 0}
  m_PrefabAsset: {fileID: 0}
  m_GameObject: {fileID: 6262239037397686685}
  m_Enabled: 1
  m_Density: 1
  m_Material: {fileID: 0}
  m_IsTrigger: 0
  m_UsedByEffector: 0
  m_UsedByComposite: 0
  m_Offset: {x: 0, y: 0}
  m_SpriteTilingProperty:
    border: {x: 0, y: 0, z: 0, w: 0}
    pivot: {x: 0, y: 0}
    oldSize: {x: 0, y: 0}
    newSize: {x: 0, y: 0}
    adaptiveTilingThreshold: 0
    drawMode: 0
    adaptiveTiling: 0
  m_AutoTiling: 0
  serializedVersion: 2
  m_Size: {x: 3, y: 1}
  m_EdgeRadius: 0
--- !u!1001 &3040444541415320527
PrefabInstance:
  m_ObjectHideFlags: 0
  serializedVersion: 2
  m_Modification:
    m_TransformParent: {fileID: 5964188840645053269}
    m_Modifications:
    - target: {fileID: 8309900624783996162, guid: 1620d978d8e00514eb187995f9f42f48,
        type: 3}
      propertyPath: m_Size.x
      value: 0.65
      objectReference: {fileID: 0}
    - target: {fileID: 8309900624783996162, guid: 1620d978d8e00514eb187995f9f42f48,
        type: 3}
      propertyPath: m_Size.y
      value: 0.65
      objectReference: {fileID: 0}
    - target: {fileID: 8309900624783996162, guid: 1620d978d8e00514eb187995f9f42f48,
        type: 3}
      propertyPath: m_Sprite
      value: 
      objectReference: {fileID: -5137602876616348568, guid: ec175fa146ff2ce48b1dbc40a0f206ca,
        type: 3}
    - target: {fileID: 8309900624783996162, guid: 1620d978d8e00514eb187995f9f42f48,
        type: 3}
      propertyPath: m_SortingOrder
      value: 5
      objectReference: {fileID: 0}
    - target: {fileID: 8309900624783996162, guid: 1620d978d8e00514eb187995f9f42f48,
        type: 3}
      propertyPath: m_WasSpriteAssigned
      value: 1
      objectReference: {fileID: 0}
    - target: {fileID: 8715830964520669253, guid: 1620d978d8e00514eb187995f9f42f48,
        type: 3}
      propertyPath: m_Name
      value: PolyominoBlock
      objectReference: {fileID: 0}
    - target: {fileID: 8715830964520669255, guid: 1620d978d8e00514eb187995f9f42f48,
        type: 3}
      propertyPath: m_RootOrder
      value: 0
      objectReference: {fileID: 0}
    - target: {fileID: 8715830964520669255, guid: 1620d978d8e00514eb187995f9f42f48,
        type: 3}
      propertyPath: m_LocalPosition.x
      value: 0
      objectReference: {fileID: 0}
    - target: {fileID: 8715830964520669255, guid: 1620d978d8e00514eb187995f9f42f48,
        type: 3}
      propertyPath: m_LocalPosition.y
      value: 0
      objectReference: {fileID: 0}
    - target: {fileID: 8715830964520669255, guid: 1620d978d8e00514eb187995f9f42f48,
        type: 3}
      propertyPath: m_LocalPosition.z
      value: 0
      objectReference: {fileID: 0}
    - target: {fileID: 8715830964520669255, guid: 1620d978d8e00514eb187995f9f42f48,
        type: 3}
      propertyPath: m_LocalRotation.w
      value: 1
      objectReference: {fileID: 0}
    - target: {fileID: 8715830964520669255, guid: 1620d978d8e00514eb187995f9f42f48,
        type: 3}
      propertyPath: m_LocalRotation.x
      value: -0
      objectReference: {fileID: 0}
    - target: {fileID: 8715830964520669255, guid: 1620d978d8e00514eb187995f9f42f48,
        type: 3}
      propertyPath: m_LocalRotation.y
      value: -0
      objectReference: {fileID: 0}
    - target: {fileID: 8715830964520669255, guid: 1620d978d8e00514eb187995f9f42f48,
        type: 3}
      propertyPath: m_LocalRotation.z
      value: -0
      objectReference: {fileID: 0}
    - target: {fileID: 8715830964520669255, guid: 1620d978d8e00514eb187995f9f42f48,
        type: 3}
      propertyPath: m_LocalEulerAnglesHint.x
      value: 0
      objectReference: {fileID: 0}
    - target: {fileID: 8715830964520669255, guid: 1620d978d8e00514eb187995f9f42f48,
        type: 3}
      propertyPath: m_LocalEulerAnglesHint.y
      value: 0
      objectReference: {fileID: 0}
    - target: {fileID: 8715830964520669255, guid: 1620d978d8e00514eb187995f9f42f48,
        type: 3}
      propertyPath: m_LocalEulerAnglesHint.z
      value: 0
      objectReference: {fileID: 0}
    m_RemovedComponents: []
  m_SourcePrefab: {fileID: 100100000, guid: 1620d978d8e00514eb187995f9f42f48, type: 3}
--- !u!4 &5964188841665313672 stripped
Transform:
  m_CorrespondingSourceObject: {fileID: 8715830964520669255, guid: 1620d978d8e00514eb187995f9f42f48,
    type: 3}
  m_PrefabInstance: {fileID: 3040444541415320527}
  m_PrefabAsset: {fileID: 0}
--- !u!114 &8017673813040180732 stripped
MonoBehaviour:
  m_CorrespondingSourceObject: {fileID: 5005095582090642995, guid: 1620d978d8e00514eb187995f9f42f48,
    type: 3}
  m_PrefabInstance: {fileID: 3040444541415320527}
  m_PrefabAsset: {fileID: 0}
  m_GameObject: {fileID: 0}
  m_Enabled: 1
  m_EditorHideFlags: 0
  m_Script: {fileID: 11500000, guid: 8cd5fe39dc371dd43bed04cc54b5e571, type: 3}
  m_Name: 
  m_EditorClassIdentifier: 
--- !u!1001 &3984093305568711450
PrefabInstance:
  m_ObjectHideFlags: 0
  serializedVersion: 2
  m_Modification:
    m_TransformParent: {fileID: 5964188840645053269}
    m_Modifications:
    - target: {fileID: 5005095582090642995, guid: 1620d978d8e00514eb187995f9f42f48,
        type: 3}
      propertyPath: colIndex
      value: -2
      objectReference: {fileID: 0}
    - target: {fileID: 8309900624783996162, guid: 1620d978d8e00514eb187995f9f42f48,
        type: 3}
      propertyPath: m_Size.x
      value: 0.65
      objectReference: {fileID: 0}
    - target: {fileID: 8309900624783996162, guid: 1620d978d8e00514eb187995f9f42f48,
        type: 3}
      propertyPath: m_Size.y
      value: 0.65
      objectReference: {fileID: 0}
    - target: {fileID: 8309900624783996162, guid: 1620d978d8e00514eb187995f9f42f48,
        type: 3}
      propertyPath: m_Sprite
      value: 
      objectReference: {fileID: -5137602876616348568, guid: ec175fa146ff2ce48b1dbc40a0f206ca,
        type: 3}
    - target: {fileID: 8309900624783996162, guid: 1620d978d8e00514eb187995f9f42f48,
        type: 3}
      propertyPath: m_SortingOrder
      value: 5
      objectReference: {fileID: 0}
    - target: {fileID: 8309900624783996162, guid: 1620d978d8e00514eb187995f9f42f48,
        type: 3}
      propertyPath: m_WasSpriteAssigned
      value: 1
      objectReference: {fileID: 0}
    - target: {fileID: 8715830964520669253, guid: 1620d978d8e00514eb187995f9f42f48,
        type: 3}
      propertyPath: m_Name
      value: PolyominoBlock (3)
      objectReference: {fileID: 0}
    - target: {fileID: 8715830964520669255, guid: 1620d978d8e00514eb187995f9f42f48,
        type: 3}
      propertyPath: m_RootOrder
      value: 3
      objectReference: {fileID: 0}
    - target: {fileID: 8715830964520669255, guid: 1620d978d8e00514eb187995f9f42f48,
        type: 3}
      propertyPath: m_LocalPosition.x
      value: -2
      objectReference: {fileID: 0}
    - target: {fileID: 8715830964520669255, guid: 1620d978d8e00514eb187995f9f42f48,
        type: 3}
      propertyPath: m_LocalPosition.y
      value: 0
      objectReference: {fileID: 0}
    - target: {fileID: 8715830964520669255, guid: 1620d978d8e00514eb187995f9f42f48,
        type: 3}
      propertyPath: m_LocalPosition.z
      value: 0
      objectReference: {fileID: 0}
    - target: {fileID: 8715830964520669255, guid: 1620d978d8e00514eb187995f9f42f48,
        type: 3}
      propertyPath: m_LocalRotation.w
      value: 1
      objectReference: {fileID: 0}
    - target: {fileID: 8715830964520669255, guid: 1620d978d8e00514eb187995f9f42f48,
        type: 3}
      propertyPath: m_LocalRotation.x
      value: -0
      objectReference: {fileID: 0}
    - target: {fileID: 8715830964520669255, guid: 1620d978d8e00514eb187995f9f42f48,
        type: 3}
      propertyPath: m_LocalRotation.y
      value: -0
      objectReference: {fileID: 0}
    - target: {fileID: 8715830964520669255, guid: 1620d978d8e00514eb187995f9f42f48,
        type: 3}
      propertyPath: m_LocalRotation.z
      value: -0
      objectReference: {fileID: 0}
    - target: {fileID: 8715830964520669255, guid: 1620d978d8e00514eb187995f9f42f48,
        type: 3}
      propertyPath: m_LocalEulerAnglesHint.x
      value: 0
      objectReference: {fileID: 0}
    - target: {fileID: 8715830964520669255, guid: 1620d978d8e00514eb187995f9f42f48,
        type: 3}
      propertyPath: m_LocalEulerAnglesHint.y
      value: 0
      objectReference: {fileID: 0}
    - target: {fileID: 8715830964520669255, guid: 1620d978d8e00514eb187995f9f42f48,
        type: 3}
      propertyPath: m_LocalEulerAnglesHint.z
      value: 0
      objectReference: {fileID: 0}
    m_RemovedComponents: []
  m_SourcePrefab: {fileID: 100100000, guid: 1620d978d8e00514eb187995f9f42f48, type: 3}
--- !u!4 &5746186123843306333 stripped
Transform:
  m_CorrespondingSourceObject: {fileID: 8715830964520669255, guid: 1620d978d8e00514eb187995f9f42f48,
    type: 3}
  m_PrefabInstance: {fileID: 3984093305568711450}
  m_PrefabAsset: {fileID: 0}
--- !u!114 &8232575898407965993 stripped
MonoBehaviour:
  m_CorrespondingSourceObject: {fileID: 5005095582090642995, guid: 1620d978d8e00514eb187995f9f42f48,
    type: 3}
  m_PrefabInstance: {fileID: 3984093305568711450}
  m_PrefabAsset: {fileID: 0}
  m_GameObject: {fileID: 0}
  m_Enabled: 1
  m_EditorHideFlags: 0
  m_Script: {fileID: 11500000, guid: 8cd5fe39dc371dd43bed04cc54b5e571, type: 3}
  m_Name: 
  m_EditorClassIdentifier: 
--- !u!1001 &5514679111336316693
PrefabInstance:
  m_ObjectHideFlags: 0
  serializedVersion: 2
  m_Modification:
    m_TransformParent: {fileID: 5964188840645053269}
    m_Modifications:
    - target: {fileID: 5005095582090642995, guid: 1620d978d8e00514eb187995f9f42f48,
        type: 3}
      propertyPath: colIndex
      value: -1
      objectReference: {fileID: 0}
    - target: {fileID: 8309900624783996162, guid: 1620d978d8e00514eb187995f9f42f48,
        type: 3}
      propertyPath: m_Size.x
      value: 0.65
      objectReference: {fileID: 0}
    - target: {fileID: 8309900624783996162, guid: 1620d978d8e00514eb187995f9f42f48,
        type: 3}
      propertyPath: m_Size.y
      value: 0.65
      objectReference: {fileID: 0}
    - target: {fileID: 8309900624783996162, guid: 1620d978d8e00514eb187995f9f42f48,
        type: 3}
      propertyPath: m_Sprite
      value: 
      objectReference: {fileID: -5137602876616348568, guid: ec175fa146ff2ce48b1dbc40a0f206ca,
        type: 3}
    - target: {fileID: 8309900624783996162, guid: 1620d978d8e00514eb187995f9f42f48,
        type: 3}
      propertyPath: m_SortingOrder
      value: 5
      objectReference: {fileID: 0}
    - target: {fileID: 8309900624783996162, guid: 1620d978d8e00514eb187995f9f42f48,
        type: 3}
      propertyPath: m_WasSpriteAssigned
      value: 1
      objectReference: {fileID: 0}
    - target: {fileID: 8715830964520669253, guid: 1620d978d8e00514eb187995f9f42f48,
        type: 3}
      propertyPath: m_Name
      value: PolyominoBlock (2)
      objectReference: {fileID: 0}
    - target: {fileID: 8715830964520669255, guid: 1620d978d8e00514eb187995f9f42f48,
        type: 3}
      propertyPath: m_RootOrder
      value: 2
      objectReference: {fileID: 0}
    - target: {fileID: 8715830964520669255, guid: 1620d978d8e00514eb187995f9f42f48,
        type: 3}
      propertyPath: m_LocalPosition.x
      value: -1
      objectReference: {fileID: 0}
    - target: {fileID: 8715830964520669255, guid: 1620d978d8e00514eb187995f9f42f48,
        type: 3}
      propertyPath: m_LocalPosition.y
      value: 0
      objectReference: {fileID: 0}
    - target: {fileID: 8715830964520669255, guid: 1620d978d8e00514eb187995f9f42f48,
        type: 3}
      propertyPath: m_LocalPosition.z
      value: 0
      objectReference: {fileID: 0}
    - target: {fileID: 8715830964520669255, guid: 1620d978d8e00514eb187995f9f42f48,
        type: 3}
      propertyPath: m_LocalRotation.w
      value: 1
      objectReference: {fileID: 0}
    - target: {fileID: 8715830964520669255, guid: 1620d978d8e00514eb187995f9f42f48,
        type: 3}
      propertyPath: m_LocalRotation.x
      value: -0
      objectReference: {fileID: 0}
    - target: {fileID: 8715830964520669255, guid: 1620d978d8e00514eb187995f9f42f48,
        type: 3}
      propertyPath: m_LocalRotation.y
      value: -0
      objectReference: {fileID: 0}
    - target: {fileID: 8715830964520669255, guid: 1620d978d8e00514eb187995f9f42f48,
        type: 3}
      propertyPath: m_LocalRotation.z
      value: -0
      objectReference: {fileID: 0}
    - target: {fileID: 8715830964520669255, guid: 1620d978d8e00514eb187995f9f42f48,
        type: 3}
      propertyPath: m_LocalEulerAnglesHint.x
      value: 0
      objectReference: {fileID: 0}
    - target: {fileID: 8715830964520669255, guid: 1620d978d8e00514eb187995f9f42f48,
        type: 3}
      propertyPath: m_LocalEulerAnglesHint.y
      value: 0
      objectReference: {fileID: 0}
    - target: {fileID: 8715830964520669255, guid: 1620d978d8e00514eb187995f9f42f48,
        type: 3}
      propertyPath: m_LocalEulerAnglesHint.z
      value: 0
      objectReference: {fileID: 0}
    m_RemovedComponents: []
  m_SourcePrefab: {fileID: 100100000, guid: 1620d978d8e00514eb187995f9f42f48, type: 3}
--- !u!4 &3782119314986704722 stripped
Transform:
  m_CorrespondingSourceObject: {fileID: 8715830964520669255, guid: 1620d978d8e00514eb187995f9f42f48,
    type: 3}
  m_PrefabInstance: {fileID: 5514679111336316693}
  m_PrefabAsset: {fileID: 0}
--- !u!114 &719934404940794150 stripped
MonoBehaviour:
  m_CorrespondingSourceObject: {fileID: 5005095582090642995, guid: 1620d978d8e00514eb187995f9f42f48,
    type: 3}
  m_PrefabInstance: {fileID: 5514679111336316693}
  m_PrefabAsset: {fileID: 0}
  m_GameObject: {fileID: 0}
  m_Enabled: 1
  m_EditorHideFlags: 0
  m_Script: {fileID: 11500000, guid: 8cd5fe39dc371dd43bed04cc54b5e571, type: 3}
  m_Name: 
  m_EditorClassIdentifier: 
--- !u!1001 &6166677142905133843
PrefabInstance:
  m_ObjectHideFlags: 0
  serializedVersion: 2
  m_Modification:
    m_TransformParent: {fileID: 5964188840645053269}
    m_Modifications:
    - target: {fileID: 5005095582090642995, guid: 1620d978d8e00514eb187995f9f42f48,
        type: 3}
      propertyPath: colIndex
      value: 2
      objectReference: {fileID: 0}
    - target: {fileID: 8309900624783996162, guid: 1620d978d8e00514eb187995f9f42f48,
        type: 3}
      propertyPath: m_Size.x
      value: 0.65
      objectReference: {fileID: 0}
    - target: {fileID: 8309900624783996162, guid: 1620d978d8e00514eb187995f9f42f48,
        type: 3}
      propertyPath: m_Size.y
      value: 0.65
      objectReference: {fileID: 0}
    - target: {fileID: 8309900624783996162, guid: 1620d978d8e00514eb187995f9f42f48,
        type: 3}
      propertyPath: m_Sprite
      value: 
      objectReference: {fileID: -5137602876616348568, guid: ec175fa146ff2ce48b1dbc40a0f206ca,
        type: 3}
    - target: {fileID: 8309900624783996162, guid: 1620d978d8e00514eb187995f9f42f48,
        type: 3}
      propertyPath: m_SortingOrder
      value: 5
      objectReference: {fileID: 0}
    - target: {fileID: 8309900624783996162, guid: 1620d978d8e00514eb187995f9f42f48,
        type: 3}
      propertyPath: m_WasSpriteAssigned
      value: 1
      objectReference: {fileID: 0}
    - target: {fileID: 8715830964520669253, guid: 1620d978d8e00514eb187995f9f42f48,
        type: 3}
      propertyPath: m_Name
      value: PolyominoBlock (4)
      objectReference: {fileID: 0}
    - target: {fileID: 8715830964520669255, guid: 1620d978d8e00514eb187995f9f42f48,
        type: 3}
      propertyPath: m_RootOrder
      value: 4
      objectReference: {fileID: 0}
    - target: {fileID: 8715830964520669255, guid: 1620d978d8e00514eb187995f9f42f48,
        type: 3}
      propertyPath: m_LocalPosition.x
      value: 2
      objectReference: {fileID: 0}
    - target: {fileID: 8715830964520669255, guid: 1620d978d8e00514eb187995f9f42f48,
        type: 3}
      propertyPath: m_LocalPosition.y
      value: 0
      objectReference: {fileID: 0}
    - target: {fileID: 8715830964520669255, guid: 1620d978d8e00514eb187995f9f42f48,
        type: 3}
      propertyPath: m_LocalPosition.z
      value: 0
      objectReference: {fileID: 0}
    - target: {fileID: 8715830964520669255, guid: 1620d978d8e00514eb187995f9f42f48,
        type: 3}
      propertyPath: m_LocalRotation.w
      value: 1
      objectReference: {fileID: 0}
    - target: {fileID: 8715830964520669255, guid: 1620d978d8e00514eb187995f9f42f48,
        type: 3}
      propertyPath: m_LocalRotation.x
      value: -0
      objectReference: {fileID: 0}
    - target: {fileID: 8715830964520669255, guid: 1620d978d8e00514eb187995f9f42f48,
        type: 3}
      propertyPath: m_LocalRotation.y
      value: -0
      objectReference: {fileID: 0}
    - target: {fileID: 8715830964520669255, guid: 1620d978d8e00514eb187995f9f42f48,
        type: 3}
      propertyPath: m_LocalRotation.z
      value: -0
      objectReference: {fileID: 0}
    - target: {fileID: 8715830964520669255, guid: 1620d978d8e00514eb187995f9f42f48,
        type: 3}
      propertyPath: m_LocalEulerAnglesHint.x
      value: 0
      objectReference: {fileID: 0}
    - target: {fileID: 8715830964520669255, guid: 1620d978d8e00514eb187995f9f42f48,
        type: 3}
      propertyPath: m_LocalEulerAnglesHint.y
      value: 0
      objectReference: {fileID: 0}
    - target: {fileID: 8715830964520669255, guid: 1620d978d8e00514eb187995f9f42f48,
        type: 3}
      propertyPath: m_LocalEulerAnglesHint.z
      value: 0
      objectReference: {fileID: 0}
    m_RemovedComponents: []
  m_SourcePrefab: {fileID: 100100000, guid: 1620d978d8e00514eb187995f9f42f48, type: 3}
--- !u!4 &3269800405663173460 stripped
Transform:
  m_CorrespondingSourceObject: {fileID: 8715830964520669255, guid: 1620d978d8e00514eb187995f9f42f48,
    type: 3}
  m_PrefabInstance: {fileID: 6166677142905133843}
  m_PrefabAsset: {fileID: 0}
--- !u!114 &1216495101803650336 stripped
MonoBehaviour:
  m_CorrespondingSourceObject: {fileID: 5005095582090642995, guid: 1620d978d8e00514eb187995f9f42f48,
    type: 3}
  m_PrefabInstance: {fileID: 6166677142905133843}
  m_PrefabAsset: {fileID: 0}
  m_GameObject: {fileID: 0}
  m_Enabled: 1
  m_EditorHideFlags: 0
  m_Script: {fileID: 11500000, guid: 8cd5fe39dc371dd43bed04cc54b5e571, type: 3}
  m_Name: 
  m_EditorClassIdentifier: 
--- !u!1001 &7092145880636714102
PrefabInstance:
  m_ObjectHideFlags: 0
  serializedVersion: 2
  m_Modification:
    m_TransformParent: {fileID: 5964188840645053269}
    m_Modifications:
    - target: {fileID: 5005095582090642995, guid: 1620d978d8e00514eb187995f9f42f48,
        type: 3}
      propertyPath: colIndex
      value: 1
      objectReference: {fileID: 0}
    - target: {fileID: 8309900624783996162, guid: 1620d978d8e00514eb187995f9f42f48,
        type: 3}
      propertyPath: m_Size.x
      value: 0.65
      objectReference: {fileID: 0}
    - target: {fileID: 8309900624783996162, guid: 1620d978d8e00514eb187995f9f42f48,
        type: 3}
      propertyPath: m_Size.y
      value: 0.65
      objectReference: {fileID: 0}
    - target: {fileID: 8309900624783996162, guid: 1620d978d8e00514eb187995f9f42f48,
        type: 3}
      propertyPath: m_Sprite
      value: 
      objectReference: {fileID: -5137602876616348568, guid: ec175fa146ff2ce48b1dbc40a0f206ca,
        type: 3}
    - target: {fileID: 8309900624783996162, guid: 1620d978d8e00514eb187995f9f42f48,
        type: 3}
      propertyPath: m_SortingOrder
      value: 5
      objectReference: {fileID: 0}
    - target: {fileID: 8309900624783996162, guid: 1620d978d8e00514eb187995f9f42f48,
        type: 3}
      propertyPath: m_WasSpriteAssigned
      value: 1
      objectReference: {fileID: 0}
    - target: {fileID: 8715830964520669253, guid: 1620d978d8e00514eb187995f9f42f48,
        type: 3}
      propertyPath: m_Name
      value: PolyominoBlock (1)
      objectReference: {fileID: 0}
    - target: {fileID: 8715830964520669255, guid: 1620d978d8e00514eb187995f9f42f48,
        type: 3}
      propertyPath: m_RootOrder
      value: 1
      objectReference: {fileID: 0}
    - target: {fileID: 8715830964520669255, guid: 1620d978d8e00514eb187995f9f42f48,
        type: 3}
      propertyPath: m_LocalPosition.x
      value: 1
      objectReference: {fileID: 0}
    - target: {fileID: 8715830964520669255, guid: 1620d978d8e00514eb187995f9f42f48,
        type: 3}
      propertyPath: m_LocalPosition.y
      value: 0
      objectReference: {fileID: 0}
    - target: {fileID: 8715830964520669255, guid: 1620d978d8e00514eb187995f9f42f48,
        type: 3}
      propertyPath: m_LocalPosition.z
      value: 0
      objectReference: {fileID: 0}
    - target: {fileID: 8715830964520669255, guid: 1620d978d8e00514eb187995f9f42f48,
        type: 3}
      propertyPath: m_LocalRotation.w
      value: 1
      objectReference: {fileID: 0}
    - target: {fileID: 8715830964520669255, guid: 1620d978d8e00514eb187995f9f42f48,
        type: 3}
      propertyPath: m_LocalRotation.x
      value: -0
      objectReference: {fileID: 0}
    - target: {fileID: 8715830964520669255, guid: 1620d978d8e00514eb187995f9f42f48,
        type: 3}
      propertyPath: m_LocalRotation.y
      value: -0
      objectReference: {fileID: 0}
    - target: {fileID: 8715830964520669255, guid: 1620d978d8e00514eb187995f9f42f48,
        type: 3}
      propertyPath: m_LocalRotation.z
      value: -0
      objectReference: {fileID: 0}
    - target: {fileID: 8715830964520669255, guid: 1620d978d8e00514eb187995f9f42f48,
        type: 3}
      propertyPath: m_LocalEulerAnglesHint.x
      value: 0
      objectReference: {fileID: 0}
    - target: {fileID: 8715830964520669255, guid: 1620d978d8e00514eb187995f9f42f48,
        type: 3}
      propertyPath: m_LocalEulerAnglesHint.y
      value: 0
      objectReference: {fileID: 0}
    - target: {fileID: 8715830964520669255, guid: 1620d978d8e00514eb187995f9f42f48,
        type: 3}
      propertyPath: m_LocalEulerAnglesHint.z
      value: 0
      objectReference: {fileID: 0}
    m_RemovedComponents: []
  m_SourcePrefab: {fileID: 100100000, guid: 1620d978d8e00514eb187995f9f42f48, type: 3}
--- !u!4 &1916430140813032497 stripped
Transform:
  m_CorrespondingSourceObject: {fileID: 8715830964520669255, guid: 1620d978d8e00514eb187995f9f42f48,
    type: 3}
  m_PrefabInstance: {fileID: 7092145880636714102}
  m_PrefabAsset: {fileID: 0}
--- !u!114 &2817554568319740485 stripped
MonoBehaviour:
  m_CorrespondingSourceObject: {fileID: 5005095582090642995, guid: 1620d978d8e00514eb187995f9f42f48,
    type: 3}
  m_PrefabInstance: {fileID: 7092145880636714102}
  m_PrefabAsset: {fileID: 0}
  m_GameObject: {fileID: 0}
  m_Enabled: 1
  m_EditorHideFlags: 0
  m_Script: {fileID: 11500000, guid: 8cd5fe39dc371dd43bed04cc54b5e571, type: 3}
  m_Name: 
  m_EditorClassIdentifier: 
